@book{acharya2005image,
  title={Image processing: principles and applications},
  author={Acharya, Tinku and Ray, Ajoy K},
  year={2005},
  publisher={John Wiley \& Sons}
}

@book{kalu2008numerical,
  title={Numerical Methods with Applications: Abridged},
  author={Kalu, E Eric and others},
  year={2008},
  publisher={Lulu. com}
}

@book{duda2012pattern,
  title={Pattern classification},
  author={Duda, Richard O and Hart, Peter E and Stork, David G},
  year={2012},
  publisher={John Wiley \& Sons}
}